@inproceedings{detection-and-tracking-2d-geometric-obstacles-from-lrf-data,
    author = {Przybyla, Mateusz},
    year = {2017},
    month = {07},
    pages = {135-141},
    title = {Detection and tracking of 2D geometric obstacles from LRF data},
    doi = {10.1109/RoMoCo.2017.8003904}
}